<record><leader>00000cas a22000007a 4500</leader><controlfield tag="001">31501604</controlfield><controlfield tag="008">941122d19381954nyudn ne      0    0eng d</controlfield><datafield ind1=" " ind2=" " tag="010"><subfield code="a">sn 94057962 </subfield></datafield><datafield ind1=" " ind2=" " tag="040"><subfield code="a">NYS</subfield><subfield code="b">eng</subfield><subfield code="c">NYS</subfield><subfield code="d">OCLCQ</subfield></datafield><datafield ind1=" " ind2=" " tag="042"><subfield code="a">msc</subfield></datafield><datafield ind1="0" ind2="4" tag="245"><subfield code="a">The Evening news of the Tonawandas.</subfield></datafield><datafield ind1="1" ind2="3" tag="246"><subfield code="a">News of the Tonawandas</subfield></datafield><datafield ind1=" " ind2=" " tag="260"><subfield code="a">North Tonawanda, N.Y. :</subfield><subfield code="b">Tonawanda Pub. Co.</subfield></datafield><datafield ind1=" " ind2=" " tag="300"><subfield code="a">v.</subfield></datafield><datafield ind1=" " ind2=" " tag="310"><subfield code="a">Daily (except Sunday and holidays)</subfield></datafield><datafield ind1="0" ind2=" " tag="362"><subfield code="a">Feb. 5, 1938-Oct. 30, 1954.</subfield></datafield><datafield ind1=" " ind2=" " tag="500"><subfield code="a">"Twin cities of industry on the Niagara Frontier."</subfield></datafield><datafield ind1=" " ind2="4" tag="651"><subfield code="a">North Tonawanda (N.Y.)</subfield><subfield code="v">Newspapers.</subfield></datafield><datafield ind1=" " ind2="4" tag="651"><subfield code="a">Tonawanda (N.Y.)</subfield><subfield code="v">Newspapers.</subfield></datafield><datafield ind1=" " ind2="4" tag="651"><subfield code="a">Tonawanda (N.Y. : Town)</subfield><subfield code="v">Newspapers.</subfield></datafield><datafield ind1=" " ind2=" " tag="752"><subfield code="a">United States</subfield><subfield code="b">New York</subfield><subfield code="c">Niagara</subfield><subfield code="d">North Tonawanda.</subfield></datafield><datafield ind1=" " ind2=" " tag="752"><subfield code="a">United States</subfield><subfield code="b">New York</subfield><subfield code="c">Erie</subfield><subfield code="d">Tonawanda.</subfield></datafield><datafield ind1="0" ind2="0" tag="780"><subfield code="t">Evening news (North Tonawanda, N.Y.)</subfield><subfield code="w">(DLC)sn 88075688</subfield></datafield><datafield ind1="0" ind2="0" tag="785"><subfield code="t">Tonawanda news</subfield><subfield code="w">(DLC)sn 88075689</subfield></datafield><datafield ind1="1" ind2=" " tag="029"><subfield code="a">AU@</subfield><subfield code="b">000011427617</subfield></datafield></record>